2972 4313
638 412 2313 554 DAs dritte Capittel hat ouch dreij artikel. Der erſte ist. Das ſich die judē ſam¬
647 499 2307 625 melten in Samuels hauſʒ in welchē hauſʒ ſeij hattē ier Synagog das iſt ier iudē
653 585 2313 723 ſchuol vn̄ gheſchach das an dē pfinſtag vor oſterē in der nacht alſʒ vnſers herē
465 678 2319 818 leiden ouch an hub in der nacht / vud hatten ainen haimlicheu Rat wie ſeij das kiut ſoltē
471 767 2319 900 marteren. vud beſluſſen vnder in / wie das beſſer wer in der nacht ʒu thnn den in dem
480 857 2322 998 tag. vmb des willen das niemant auff der gaſſen wer vnd haimlicher muchte ſterben.
462 943 2334 1086 Der ander artikel ʒu merckeu iſt das die juden nomē das kint vnd wolteu das nicht
495 1036 2340 1186 in ierer ſchuol toeten ſuuder voꝛ der ſchul. vn̄ iſt das gheſchehen auff ain ſach die wel ʒu
486 1117 2337 1269 merckē iſt das nicht vō blut verghieſung ierer ſchul verunraint wird / also ſie ouch be¬
495 1200 2346 1365 gingen an vnſers heren marter do ſeij nit wolten in pilatus richthaus in ghen der ain
495 1293 2352 1448 haid was auff das ſeij nicht wirden verunraint alſo das ewaugeliū auſpꝛicht vt non con¬
492 1376 2354 1538 taminarentur ſed manducarent paſcha ꝛc̄. dar vmb ſo blibben ſeij voꝛ der ſchul ier neun.
513 1466 2354 1615 Vnd Moyſes der vnder in was der elter vnd was ier pꝛieſter. den ouch die auderen ju¬
501 1546 2357 1706 den hielten alſʒ ainen pꝛopbeten vnd von im ſagten er wuſte die cʒeit aigentlich wen der
507 1627 2366 1797 Messias lꝛomen ſolte / der ſolbige jud saſʒ nidder vnd nam das lꝛint in ſeijne ſchoſʒ vnd die
510 1730 2363 1894 anderen iuden ʒugen im ſein ghewētel ab / das ſeij nicht veꝛplut wirden ob es wirde ſun¬
519 1825 2369 1963 den das den die lꝛlaider nicht plutig erſchinnen. Der dritte artilꝛel ʒu merclꝛen iſt an
513 1919 2372 2038 der marter vud blut vergieſſuug des vnſchnldigeu marteler. das ſin blut ʒu funff malē
525 2006 2363 2135 iſt vergoſſen wordeu. Die erſte vergieſſung iſt gheweſt au der beſneidung wā Mo¬
531 2090 2381 2224 yſes nam ain meſſer vnd offnet das ghemecht dem ſeligen lꝛint. vnde die anderen iuden
534 2155 2390 2308 enpfingē das ghepliet in ain schuſſel. wor vmb aber ſeii das ghetā haben. Das ſint ʒwo
540 2233 2393 2400 ſachen ʒu merclꝛen. Die erſte iſt ʒu ſpot vnſerē heren Cristo der ouch an der beſneidūg
546 2328 2396 2499 ſein erſte plut vergieſſung ghetan hatt das die judē wol wiſſen auſʒ den Criſtē bucherē
546 2421 2408 2579 vnd ouch von hoerſagen. dar in aber das lob des Seligen marteler iſt begriffen. das er in
552 2513 2411 2678 ſeijm leiden gheglicht iſt der marter vnſers heren. Die andere ſach ist das ſij mainten
546 2601 2408 2752 das kint ſolt ſterben in ieren judiſchen gheſatʒ der beſneidung vnd ſolt die ſel farē do ier
555 2684 2417 2842 kinder beſnitten hien fieren. Die ander vergieſſung des vnſchuldigen blutes iſt geweſt
567 2776 2420 2929 das Thobias nam aine cʒangē vn̄ raiſʒ dem Saligē kint ain ſtuck flaisch auſʒ ſeijm rechtē
576 2866 2420 3015 wangen / vnd nach im alſo begunten ouch die anderen judē alle ʒu thun vnd auſʒ ʒu reiſſē
576 2955 2429 3096 ſo lang das ſii ſahen das ghebain des wangens do hoꝛten ſii auff vnd wor vmb das ghe¬
573 3045 2029 3185 ſchen iſt das mercke in dem virden Capittel das hernach wolgen iſt.
