2969 4308
731 620 2400 681 Das erſte capittel ist der Rat den die iuden haben gehabt in der hailigen mar¬
555 689 2388 756 ter wochen an dem pfingſtag vor oſteren. Uon dem Rat dreij ding ſint zu mer¬
623 767 2397 831 ken. Das erste iſt wor vmb die juden also gijrick ſin auff das Criſtenblut.
525 835 2397 902 Dar auff geben die weiſen lerer ain ſollichs antwort. Das der vrſprung ist nicht nach
531 907 2409 977 gemainer ſag das sie Criſten blut muſſen haben ʒu erer gheſunthait oder leben. alſʒ ob
537 978 2412 1057 ſeij anders nicht muchten leben. Seij haben das auch nicht auſʒ erem gheſatʒ ader Tal¬
540 1050 2403 1126 muth / ſunder ſeij haben das auſʒ ainē gheſatʒ aines Concilium das ſeij hatten alſo vor vier
540 1120 2403 1195 hundert iaren in hyſpanien ʒu Caſtel / Jn welchem Concilium ſeij hatten ain fiernammē
555 1191 2403 1263 was ſeij thun muchtē / das groſz volck der Criſtē das neme ſer oberhant / dar vm̄ ſo wart
537 1263 2406 1335 beſloſſen vnder in / wie das ſeij alle iar Criſten blut ſolten voꝛ gieſen / wo mā das muchte
531 1334 2406 1413 ober komen / vnd in der vor gieſſung ſoltē ſeij got an rieffen das er iu wolte vorlien das
537 1407 2415 1481 der Criſten blut alſo vergoſſen wird vnd vercʒert alſo ſeij das plut voꝛ guſſen vnde
540 1481 2397 1553 voꝛcʒerten. dar vmb ſeij ouch ſulten eſſen vnd trincken der Criſtē blut das es in in voꝛ¬
534 1552 2403 1619 cʒert wirde / Dar ʒu ſeij ouch hattē ain ſatʒūg das ſeij ain vnſchuldiges kīt der criſtē ſoltē
540 1627 2400 1690 nemmen. wen das wer got ʒu ainnē opfer vil ghenemer den von ainē alten Criſten / do
534 1698 2403 1768 waſʒ ouch kain cʒal in gheſacʒt den in alle landen wo man das muchte ghehaben das
543 1773 2403 1846 solt man thun. Das ander das hij ʒu mercken iſt. das ain jud ghenant angel / der ſprach
537 1846 2397 1919 cʒu den anderen juden an der mitwochen vor oſteren do hatten ſeij ain kalb vn̄ lebende
546 1918 2394 1982 viſche alſʒ in der figurē ſtet / wir haben aller ding auff vnſer oſterē ghenug den ain ding
531 1994 2385 2054 magelt vns. do ſpꝛachen die anderen / was das wer / do antwoꝛte er vnd spꝛach. des po¬
543 2065 2385 2122 pil iſt cʒu vil. alſo gingen die anderen auſʒ bitʒ auff ir nein juden die ir namen haben an
540 2131 2406 2198 den hieten gheſchriben / do ſpꝛach er vns mangelt Criſten plut / do rofften ſeij ainen
531 2204 2400 2272 fromden iuden ghenant laʒarus das er in ſolde ain Criſtē kint ʒu wegen pꝛingē / der wolt
534 2275 2403 2341 des nicht thun. vnd ging dar von. Das dritte das cʒu merckē iſt / das ſei ſich beſunder
543 2353 2403 2413 haben ghefliſſen ſolliche ſachen cʒu handelen beſunder an der marter wuchen vnſerem
543 2425 2403 2487 heren criſto cʒu ſpot. der ouch in der marter wochen ghemartert vnd ghetodt. alſʒ das
546 2498 2409 2568 ware oſterlamp. vō dem ſeij hatten in ierem gheſsatʒ der pꝛophetē. das ſeij alle iar in dem
543 2573 2406 2643 mercʒen. wen der manet wer funcʒehen tag alt. das alles iſt geweſt aine figur vn̄ aufʒ¬
546 2650 2409 2717 wiſung des waren lamps criſti des heren vnd wen ſeij nit mochten ain Criſten kint ha¬
543 2729 2415 2789 ben. ſo nemen ſe ain lamp vnd toten das in crencʒ weiſʒ vnſeren heren ʒu ſpot. wer auch
543 2809 2418 2876 mercken wil der ſicht wol das liebe kint gemartert iſt in aller maſʒ der cʒeit ſtund vnd
555 2889 2409 2953 tagen alſo vnſer her iheſus gemartert iſt worden. des leijdē an hub an dem pfingſtag ʒu
555 2964 2418 3025 aben da er vber das fleiſſen waſſer ging Cedron in den garten dar in er geuangē wart
546 3044 2409 3102 alſo iſt diſſem kint ouch geſchehen alſo man mercken iſt in den nach kūmendē Capittel.
