2970 4324
642 444 2302 556 DAs vierde Capittel hat onch dreij artikel ʒu mercken Der erſte iſt das die ju¬
648 528 2305 643 den haben ain ighewonhait ghehabt wan ſij ain Criſten kint wolten toeteu vn̄
653 613 2311 734 pas plnt vō im enphohē So namen ſij ain warmes waſſer vn̄ ſacʒtē im vie fueß
468 688 2311 827 vn̄ pain dar in alſo lang das ſij rot wurden vn̄ das ghepluet ʒu samē ſolte louffen. also ouch
471 776 2314 914 ſij tetten den henden vn̄ den armen. ouch slugen ſij es mit gerten vn̄ mit ven hendeu an
474 871 2308 1007 die wangen vn̄ auff ven hals vn̄ vber den gancʒen leichnam dar vmb das ouch das ghe¬
483 943 2323 1097 pluet ſolt erfur ʒu ſammen rinnen vn̄ das es dester baſʒ auſſer fluſʒ / wie wol aber das uit
474 1042 2317 1177 in der gichtung diſſer iuden an diſſem ſeligē kint iſt begriffen das ſij im ſolliches ghetā
480 1131 2326 1270 haben. Es iſt aber wol ʒu merckē das ſij das nicht gheſpart haben vmb ʒwo sachē willē
486 1212 2338 1356 Aine iſt das ain ghetouffter iud ʒu Uelters das offenberlich ſpꝛicht das die iudē ain ſol¬
483 1301 2335 1455 liche ghewonhait haben wen ſij die kinder wollen toeten. Die andere ſach gipt das
495 1391 2332 1535 wol ʒu verſten ſo ſij dem ſeligen kint ſein plut haben auſʒ allen glidderē ſeines leichnams
495 1480 2326 1628 ghenūmē. dar vm̄ ſo habem ſij das ghepluet ghemacht erfur ʒu der haut dester baſʒ rinnē.
504 1567 2344 1717 Der ander artikel ʒu merken iſt an der dritten vergieſſung des ghepluecʒ des seligē
501 1657 2341 1791 kindes do die iuden richten das kint nacket vn̄ ploſʒ auff ſein fueſʒ die ſij im hieltē auſʒ en
492 1732 2341 1879 ander vn̄ auſʒ ſeinē rechten pain rijſſeu ſij im mit der cʒangē ain ſtuck fleiſch vū enphin¬
507 1831 2338 1981 gē das ghepluet in ain schuſſel alſo tat ouch ain iechlicher iud ſo lang das ſij ſchier auff das
507 1923 2344 2053 ghepain komen. Hie iſt wol ʒu mercken das ſij haben dem ſeligen kint ſeine fieſʒ vud
507 2015 2353 2148 painle voꝛ in haiſm waſſer ghepꝛuet das das ghepluet ʒu ſammen lief. Betracht ouch
501 2108 2359 2231 Criſten menſch die marter des ſeligē kindes vn̄ sein pitters leiden betracht die ſmachait
504 2188 2344 2315 Criſtliches gloubens von der poſʒhait der iuden die von allen glidderen wolten des kin¬
507 2288 2359 2413 des plut vergieſen vnſerem heren ʒu ſmocheit. Betracht ouch die vierde veregiſſn̄g
519 2372 2362 2514 des ghepluecʒ das ſij nomen glufen vn̄ nadelen vn̄ ſtupften im ſein haliges houbt an allen
519 2465 2365 2589 oerteren ʒu ſpot der doꝛnen kronen do mit vnſer her bekroent wart. Der dritte arti¬
522 2550 2374 2694 kel an der verſchiedung des ſeliges kindes iſt ʒu mercken. Do die iuden ſohen das lꝛint
531 2639 2371 2781 nun gancʒ machtloſʒ von groſſer pein vnde pluet vergieſſung alſo das es nit mer ſchꝛien
531 2732 2368 2867 mochte ſunder ſein hailiges mūdle auff vn̄ ʒu tet alſʒ ain hiēcʒichend mēſch. do eiltē ſij vn̄
537 2833 2377 2960 in Creucʒ weiſʒ vnſerem heren ʒu ſpot reclꝛte im ſein ermle auſʒenander vn̄ an alle er¬
543 2917 2379 3046 bermde ſtupften ſii das ſelig lꝛint mit nadelen vn̄ mit glufen / enpfingen alſo ſein hailiges
552 3003 2385 3136 ghepluet. nun merclꝛe Criſten hercʒ die verscheidnng des ſeligen marteler. Alſo die
543 3093 2382 3223 ſel begerte ʒu ſchaiden von dem leichnam do tet es ain pliclꝛ in den himmel alſo ob es got
552 3174 2388 3309 befuel die ſach ſeines todes. vn̄ ſlos alſo ſein ongen widder ʒu vn̄ neigte ſein hobt auff die
555 3260 2388 3408 rechte ſeitte nidder vn̄ gab auff ſeinen gaiſt die enpfangen wart an allen eʒweifel vō den
546 3356 2326 3488 engelen in iere ſchoſʒ / dem heiligen tod du dich enphelen mahſt in allen deinen noeiten.
