2969 4324
665 522 2347 602 DAs ſechſte Capittel hat ouch dꝛeij artikel ʒu dem eſſen vn̄ triuckē vō dem plut
627 607 2332 679 des ſeligen kindes. Der erſte artikel iſt ain gancʒ auſʒlegung des funftē Ca¬
677 703 2335 778 pittel das aller nechſt gheſchꝛibben ſtet von dem ghebet das die judē thun vber
477 795 2344 871 das Criſten volck vn̄ van den fluchē die ſij ghetan haben do ſij baben geſſen vn̄ gedrūkē
477 881 2332 957 von dem plut des kindes dar an ʒu mercken iſt das die juden alltag dꝛeij mal ains am moꝛ¬
486 971 2338 1053 gen / cʒ wiren am aben ſpꝛechen ain ghepet vber die Criſtē ſij ʒu verfluchē alſo das ir fueſʒ
480 1057 2335 1136 ſten ʒu ſammen die rechte hant gheſlagen vber die lincken / vn̄ ſprechē das auſʒ ainē gepet
474 1149 2350 1230 das ʒſi nennen in der iudiſchen ſpꝛach. Smono eſſere. das iſt in vnsſer ſprach ſo vil ghe¬
477 1228 2335 1311 ret alſʒ achtcʒehen artikel da von das ſelbig ghebet alſʒ von achtcʒehn artikel ghemacht
477 1318 2338 1405 iſt. Wen ſmono iſt acht ghe ſpꝛochen. vn̄ eſſere cʒehen. in dem ghebet haben ſij ainen fluch
489 1402 2323 1486 vber die Criſten / das in der iudiſchen ſpꝛach lautet in der maſʒ. lamſchimodim. al. theij.
477 1491 2329 1581 ticfo / foechol. haminym. koenrega. iouedo / ʒu dem teuſchen laut das alſo / lamſchimodin al.
474 1575 2326 1665 they ticfo / vn̄ ʒu den vertilckten den ſal kain hoffnug ſein hie vn̄ doert / dar in mainen ſii
483 1667 2326 1757 die iuden die von in tretten ʒu vnſerem glouben / das ander tail do ſij ſprꝛechen. foechel ha¬
486 1759 2323 1850 minym. koen rega. iouedo / das laut in dem teucʒ alſo. vn̄ alle die vnglauber in ainē augē¬
486 1864 2329 1946 plick ſij ſollen werden verloꝛen / dar in mainen ſij die Criſten / ouch in irer ghemainer red
480 1948 2323 2017 ſo verfluchen ſij vnſeren heren iheſum. vn̄ haiſſen in ain wilden boeſʒwicht. vnd ſprechē
474 2035 2317 2097 in irer ſprach. toldoſʒ. jeſche. hanocʒery. das iſt die gheburt des wildē boeſʒwichtʒ da mer¬
477 2107 2317 2188 ke Criſten hercʒ den haſſʒ der iuden widder vnſeren heren vn̄ das Criſtē volck Der
474 2188 2308 2276 ander artikel iſt. das die iuden wan ſij ir oſterē haben ſo nimt der hauſʒ vatter ainē krug
477 2283 2320 2355 mit wein vn̄ richten den tiſch / den anderen iuden ichlichem ain ler glas fuer geſacʒt vn̄
471 2369 2317 2441 auff diſʒ mal hatten ſij in den wein ghetan von dem blut des kindes alſo groſʒ alſʒ ain bon
483 2452 2314 2540 vn̄ ſpꝛengt mit dem vinger auff das tiſch tuech. vn̄ ſchenclꝛ dan ainē ichlichē in ſein glaſʒ
483 2539 2320 2629 vn̄ ſpꝛach die wort / dam. ʒfardea. lꝛinym. oꝛoff. ſchin. deſer. boꝛot. arbe. hoſchech / malꝛas
480 2628 2323 2716 boechoꝛoſʒ / das ſint in dem teuſch cʒehen plagen die Moyſes gab vber das volclꝛ in egiptē
486 2721 2317 2805 wan ain ichlich wort iſt ain plag / dam baiſt plut ʒfardea froeſch / lꝛinym baiſt leuſʒ / oꝛoff ge¬
477 2810 2308 2882 mischet poesſʒ tier / ſchin grint / deſer moꝛt / boꝛot hagel / arbe henſchꝛeclꝛen/ hoſchech finſter
480 2895 2317 2976 niſʒ / malꝛas boechoroſʒ ſlaglꝛ der erſten purt / do ſij die woꝛt gheſpꝛochen haben do habē ſij
483 2989 2314 3060 geſſen lꝛrepfle ghebachē ouch mit dem blut vn̄ dar nach hat an ichlicher seinē wein auſʒ
483 3075 2311 3141 trunclꝛen ghemiſcht mit dem hailigen blut. Der tritte artilꝛel iſt do ſij geſſen vn̄ ge¬
480 3161 2314 3230 trunlꝛen haben do haben ſij gheſpꝛochon ainen fluch aber vber die Criſten in diſſen wor¬
477 3246 2329 3331 ten/ Sfoch / hemoſecho alhagoym / denſcher lo iedoucho / enſcher / lo gilꝛoucho / das iſt in dem
477 3345 2311 3429 teuſch ſo vil vergeuſʒ deinen cʒoꝛn auff die voellꝛer das iſt die Criſten die ſii heiſen goym
483 3435 2314 3522 das iſt voellꝛer / vmb das ſy nit loben dich / vmb das ſii nit willē erlꝛennen dich / du ſalt ouch
492 3540 2320 3609 wiſſen das diſſe woꝛt ſein recht geſchꝛibben in der iudiſchen ſpꝛach in aller maſʒ alſo ſij
477 3632 734 3704 das reden.
