2972 4314
635 649 2212 727 DAs sibeude Capittel lit ouch dreij artikel. also ſij das kint haben verboꝛgen.
644 733 2292 814 Zu dem erſten artikel iſt ʒu mercken. das die elteren des kindes mutter vnde
641 824 2295 904 vatter alſo ſij das ſelig kint hatten verloꝛen do ſuchten ſij es vber alſo weit die
441 909 2289 982 ſtat Trient was do ſpꝛach ijdermā beſūder die knaben vn̄ kinder eſʒ hat niemāt das kint
450 995 2295 1079 ghenummen dan die boeſen juden / dar in ʒu mercken was das der hailige gaiſt ret durch
450 1075 2295 1166 den munt der vnſchuldigen kinder. vn̄ an hub das vnſchuldig plut rach ʒu reiſſen vber
453 1159 2295 1266 die boeſen iuden. dar vmb die elteren des kindes tag vn̄ nacht hatten ir auff ſehen ʒu den
447 1239 2295 1348 heuſeren der iuden. beſunder mit ainē man der da haiſt der Sweicʒer der den juden wan
447 1329 2295 1428 ſij auſʒ ader in gingen in ir heuſer ſo fragt er ſij von dem kint vn̄ ſchalt ſij. das verdroſʒ
447 1420 2283 1513 die iuden ſo ſer das ſij in ir ghefenkniſʒ bekanten auff in vn̄ ſpꝛochen. der Swaicʒer het in
456 1510 2292 1588 das kint bꝛocht in ir hauſʒ. das alles erlogen was. wen er dar vmb ghefangē wart vn̄
447 1590 2283 1682 in die eijſen gheſlagē do ghelobt er ſich ʒu dem kint das es im ſolt helfē ſo werlich alſʒ er
456 1676 2289 1766 vnſchuldig wer an ſeinem tod. vn̄ alſo bald villen die eijſen von ſeinē fueſen / aber die iudē
450 1766 2286 1859 hatten im das von haſʒ ghetan dar vmb das er ſij melte vn̄ ſchalt do man das kint ſuchte
426 1855 2286 1948 Der ander artikel ʒu merckē iſt. do die iuden vernomen das die gancʒ ſtat ging in ir
453 1942 2286 2035 heuſer ʒu ſuchen das ſelig kint vn̄ groſſer argwō auff ſij was do hatte Samuel das kint
453 2034 2277 2118 auſʒ irer Synagog ghetragen vn̄ bedeckt in ain winckel in ſeinem bauſʒ mit hew vnder
453 2118 2280 2202 ain multe dar vber gheſtircʒt. vn̄ do das mumelen in der ſtat ſo groſʒ wart. do trug er
456 2211 2295 2300 das kint in ſeinen lꝛeller vnder ain miſthauffen ader lꝛet / vnd von groſſer furcht wegen
453 2303 2286 2390 ſchutten ſij das plut in ir  ſecret vn̄ hatten ainē Rat wie ſij mit dem tottē lꝛint soltē lebē
462 2390 2292 2491 die Criſten mumuelten ſer vber ſij. Der tritte artikel hij ʒu merlꝛen iſt das die iuden
456 2488 2292 2587 nit haben mugen das lꝛint vertillꝛen wen wo ſij das hetten mugen vertilꝛen ſo wer das
462 2578 2295 2684 vnſchuldig blut nimmer gherochen woꝛden. dar vmb verlꝛart got in ir ſin das ſij nicht
465 2673 2295 2758 mochtē das lꝛīt vergrabē oder verſiedē vn̄ alſʒ ghemain red iſt wē ſij es woltē begrabē
453 2759 2289 2849 ſo lag das lꝛint ob der erdē. vn̄ wie wol das in irer vergichtūg nit ſtet ſo iſt doch gottes
459 2842 2292 2938 lꝛrafft groeſclich do erſchinnē das das ſelig lꝛint ſolt fundē werden vn̄ ſin plut ſolte ghe¬
468 2936 2292 3023 rochen werden / man vint ouch das die lꝛinder die ſii vermalſʒ haben vm̄ bꝛacht die habē
468 3035 2286 3115 ſii ghemainlich nit begrabeu dar vm̄ wen ſii ainē vnglouben dar in haben alſo bii lꝛoſtnicʒ
462 3133 2292 3208 gheſchach do ſii ain todes lꝛint an ainē boum in ainē walte lieſſen hangē das dar nach fū¬
465 3226 1606 3306 den wart vn̄ etliche cʒeit groſſe cʒaichen gheſchehen.
