2950 4300
337 613 2191 693 ex iudeis eſt. Aber dennach ſol mā die iuden haltē alſʒ iuden / das ſi cʒachē an tragē vn̄ aꝛ¬
331 700 2191 777 beiten / vnd wē es not tet die scheiſʒheuſʒer keren vn̄ miſt auſʒ furen das leider wincʒig
334 815 573 879 geſchicht.
418 871 2203 977 Ouch iſt hie cʒu mercken das die wunder cʒaichen huben an. an etlicheu pſonē die
355 964 2188 1067 das kint in ire armen nomen do ain fraw vier iar ain krebs an der pruſt het. alſo
334 1053 2188 1144 bald ſij das kint an dem arme trug do verſwant der krebiſʒ dar nach komen ander frau¬
349 1143 2191 1228 wen die da lam woren ni der ſtat ʒu Trient die alle gheſunt wurden alſo vil das es auſʒ
343 1239 2200 1317 bꝛach in alle lant do komēn auſʒ welſchen vn̄ teuſchen landen / das der cʒaichen ſo vil ghe¬
346 1322 2206 1407 ſchehen ſin das ain groſʒ buech do von ʒu ſchreiben wer die alle bij den aijd den ſij ſwerē
349 1418 2203 1494 muſten die do gheſunt wurden erlꝛant haben. vnder den vil ʒaichen ettlicheg ʒu berierē
346 1504 2203 1583 iſt das ain ſtum was neun jar gheweſt. alſo bald er voꝛ den marteler lꝛam do wart er re¬
355 1594 2203 1673 den. Ain ander der treiczehē iar blint was gheweſt der wart ſehen. Ain lꝛint bij mantua
352 1681 2200 1768 in dem waſſer lag bij ʒwo ſtunden vn̄ tod was das ſelbige wart ghelobt ʒn dem ſeligen
352 1770 2200 1855 lꝛint. alſo bald wart es widder leben. Uil lꝛinder die lam in henden in armen ettlich die
358 1851 2209 1945 nit ghen auff die fueſʒ trettē noch ghen mochten die alle geſunt wurdē. vn beſunder hat
361 1943 2203 2031 es vil cʒaigen an den vnſchuldigen lꝛinderen ghetan die an ſunde ſint vn̄ das ſelige lꝛint
364 2033 2206 2130 ouch an ſunde gheweſt iſt. Das ſij dir ſeliges lꝛint gheſchꝛibbē ʒu deinem lob vn̄ eren die
361 2122 2209 2216 nit auſʒ ʒu ſpꝛechen iſt do mit ich mich befiel in deine beſchirmung Amen. Un̄ das hat
376 2218 2206 2318 ghedruclꝛt Albertus duderſtat von dē Eilꝛſvelt ʒu Trient in dē iar alſʒ mā die iudē hat
376 2320 2203 2404 verpꝛant do man schꝛeib tauſende vierhundertvn̄funfvn̄ſibncʒ iar an dem mitwuchē voꝛ
373 2418 1155 2488 vnser lieben franwen tage der purt. 1475
1528 2409 1749 2473 Laus deo.
373 2574 2194 2686 Diſe aufgedrukchte geſchꝛift vnd gemel iſt vngeuerlichen beſchehen von dē auffdrug¬
373 2637 2212 2746 keren vnd maleren in aller der maſʒ wie ſie das lantmer weiſe vnde von dem gemainē
379 2697 2215 2809 volk in der ſtat ʒu Trient geſagt vnde geblaten iſt worden da mit der warhait der hy¬
364 2762 2218 2872 ſtoꝛie nicht abgenemen noch verʒigen als die in den gerichts pucheren vnd aufſchriben
328 2824 2215 2935 vermerket und aus geſchꝛibē ist Tar auff wir vns gancʒ ſetʒē vnd diſſe vnſer geſchꝛif¬
376 2927 1251 3005 te vnd gemele ſchꝛiben vnd verlaſſen.
