3000 4300
609 700 2290 784 U dem eilfften Capittel ſin ouch ʒu mercken drij artikel wie die iuden ſin ghe¬
609 787 2290 868 pꝛant woꝛden. Der erſte iſt das die haben ain gewonhait das ſij vnder aller
528 879 2299 952 pein die man mack in an thun ſo begberē ſij in ſunderhait das fur woꝛ vm̄ das iſt
424 957 2293 1033 das wolten ſii nit bekennē. die ghelerten die mainē ſii thun das dar vm̄ das Abꝛaham von
424 1039 2290 1120 dem die iudiſchait enſpꝛungen iſt der wart auſʒ dem fuer in kaldea erloſt do er das fuer
421 1130 2299 1214 nit wolte anbetten alſʒ die bibel auſʒ weiſt ſo thun ſii das alſʒ ob ſii irē vatter willen nach
421 1223 2296 1307 volgē das er ſii nem in ſein ſchoſʒ / Hie iſt aber dē iudē das fuer ʒu gheteilt nicht durch er
424 1315 2293 1394 begher ſunder durch das recht. alſo felſcher des gloubens auſʒ den kaiſerlicheu rechten.
438 1393 2290 1496 Der ander artikel ʒu mercken iſt das diſſen iuden dꝛierleij pein iſt an ghetan geweſt
432 1478 2296 1575 Die erſte iſt das ſii mit glueden cʒangen ſeint verpꝛant vn̄ cʒerriſſen. woꝛ vmb aber
430 1568 2293 1647 das gheſchehen iſt. vn̄ allein iren dꝛien gheſchehen iſt da iſt ʒu mercken das vnder diſſen
427 1653 2281 1729 iuden ſin irer dꝛii gheweſt alſʒ die oberſten Sanuel Angel vū Thobias. Moyſes der wer
421 1742 2293 1818 ouch bii in ʒu cʒerriſſen woꝛden der was in der ghefenckniſʒ ſtorben alſo voꝛ gheschꝛibbē
430 1820 2287 1901 iſt. die hat man dar vmb czerriſſen mit cʒangen das ſii hetten das ſelig kint onch mit
427 1921 2284 1985 cʒerriſſen hatten an den wangen vn̄ pain. Die ander pein iſt das ſii alſʒ die moerder
427 2001 2293 2070 wurden auff die reder gheleit das ſii das ſelig kint ghemoꝛt hatten Die tritte pein iſt
427 2090 2293 2157 das ſii auff den rederen verpꝛant wurden dar vmb das ſij das ſelig kint ʒu ſmocheit dem¬
424 2175 2287 2253 Criſtlichen glouben ghemartert hatten. Der tritte artikel ʒu mercken die figurē do
432 2267 2296 2340 ir ſechs auff rederen ligen. das nit auff ainē tag all ſechs verpꝛant wurden. wan dē erstē
427 2344 2284 2429 tag an der cʒehent tuſent ritter abent do wurden ir vier verpꝛant. die drij die fuer ghe¬
430 2429 2293 2528 schꝛibben stan Samuel Angel vn̄ Thobias. Der vierde der was ain iunger vn̄ Samuels
432 2528 2299 2617 ſnn vn̄ hieſʒ Iſrabel alſʒ vmb treiſich iar der hat ghetan was in die anderen alten hatten
430 2626 2296 2710 vnderweiſt der wart gheſleifft durch die ſtat die wil die anderen wurdē cʒerriſſen mit
435 2726 2290 2808 cʒangē. vn̄ wart ouch mit den drijen auff ain rat ghebunden alſo das den ſelbigen tag
435 2811 2296 2889 worden ir vier die ob ghenante verpꝛant. Moyſes der voꝛ gheſtoꝛben was der wart
432 2907 2299 2985 an ainē ſundereu end verpꝛant vn̄ durch ain ſunder vrtail / Die anderen cʒwen die da be¬
435 3002 2311 3080 ſunder ligen auff rederen die heiſen Uital vn̄ Mayer die wurden verpꝛant des anderen
438 3098 2290 3170 tages ſij wurden ouch ghepunden auff ainē wagen aber nit cʒerriſſen mit cʒangē ſij wur¬
447 3190 2296 3265 den aber ſo ſere ghewoꝛffeu mit kot vn̄ mit ſtainē vn̄ cʒerriſſen mit dorꝛnen das ſij kainē
447 3280 2296 3358 menſchen gleich woren vor kot vn̄ plot das von in ran alſo das ſij doch hattē ouch dꝛierle
447 3382 1534 3460 pein dar nach ghepunden auff reder vnd verpꝛant.
