2949 4304
674 796 2465 917 U dem aller leʒtten Capittel iſt ouch ʒu mercken an vil artikelen Zu dem er¬
746 883 2462 995 ſten das der al nechtig got lieſʒ groſſe wūder cʒeiche geschehe an allerlaij kranckē
593 969 2459 1084 leuten blinden lame ſtūmen toubē waſſerſuchtigen. vn̄ ouch toten menſchen alſʒ
602 1065 2468 1174 her noch geſchꝛiben ſtet / Sūder die weiſen leerer habē ſich tijef erfrogt vnder in. woꝛ vm̄
608 1159 2465 1268 got ſolliche wunder cʒaichen lieſʒ geſchehen / So doch vor molſʒ ouch kinder weren von
605 1241 2465 1355 in ghetoet woꝛden vn̄ ſelten ſolliche cʒaichen ſo groſʒ vnde ſo vil nit beren gheſchehen do
614 1333 2459 1432 wart beſloſſen vnder den lerer der mer den cʒwelff doctoꝛes teuſch vn̄ welſch weren ʒu
611 1420 2471 1522 Trient bieenander von des ſeligen kindes begen. Das vmb trijerle ſachen willen die vū¬
599 1513 2468 1609 der cʒaichen gheſchehen. Die erſte iſt dar vmb ſein unſchuldigs bluet ſolte gherochen
611 1608 2471 1704 wrden wen ſo ſij das kint ʒu ſmocheit got vn̄ dem Criſtlichē glouben ghetoet alſʒ in den
608 1691 2465 1793 voꝛderen Capittel ſu mercken iſt. vnd got gheſpꝛochen hat. Was man tuet ainem von den
599 1765 2459 1880 aller minſten der ſeinen das tuet man im ſelber. dar vmb ſo hat got das gherochen alſʒ ob
602 1863 2456 1971 es ſein bluet vergieſſen ver. Die ander ſach iſt das in groſʒ verboꝛgen boſʒhait die lan¬
605 1947 2450 2065 ge cʒeit verboꝛgen iſt ghebeſt alſʒ ſy die Criſten haſſen vn̄ verfluchen alſʒ voꝛ geſchꝛibbē
605 2022 2450 2152 iſt die ſolt gheoffenbart berden vn̄ der groſʒ vberemuet den ſij ghetribben haben vnder
602 2118 2447 2245 den Criſten ſolt ghenydert werden vn̄ das ſy ſolten ghehalten berden alſʒ iuden vn̄ toet¬
599 2208 2450 2338 feinde vnſers heren. Die tritte ſach iſt das die Criſteu ſollē merckē in ghemeinſchafft
599 2301 2456 2433 furder ʒn meiden ben alle recht verpieten den Criſten kain ghemainſchafft ʒu halten mit
599 2387 2459 2526 den iuden das leider gar binicʒig iſt ghehalten wrden. dar vm̄ kain lant kan die leng glick
602 2468 2459 2614 ader hail an ghen da die iuden bonhafftig innen sein. Ouch iſt hij ʒu mercken das die
605 2554 2447 2701 iuden ſin mit gancʒ ʒu vertilkē. wan die gheschꝛifft beiſt / das man die iudē nit sal gancʒ ver¬
605 2644 2453 2784 tilken aber ſtroffen ſal man ſij wā ſij das verſchulden / vm̄ treijerle ſache willen ſint ſij nie¬
611 2719 2462 2869 gancʒ ʒu vertilken. Uon erſten dar vmb das der Criſten biecher ſin vnde ghedechtniſʒ
611 2811 2453 2964 der hailigen martir Criſti / ſo wir die ſehen voꝛ vns ghen die vnſeren heren ghetoet ha¬
611 2895 2459 3054 ben alſʒ die schꝛifft ouch ſagt / Dens oſtendit mihi ſup inmicos meos ne occidas eos nequan
608 2975 2462 3149 do obliuiſcantur populi mei ſupple paſſionis xpi dauid pſal. xxxix. Die ander ſach ist wā
617 3069 2462 3251 ſy alle noch dem ende Criſt kurcʒ voꝛ dem iungeſten tag bekert werden ʒu dem hailigē
608 3152 2453 3341 Criſtlichen glouben do vō aber die furder gheſchrifft ſpricht Conuertent̕ ad veſperam et
608 3247 2462 3442 ſamē ſupple verbi dei pacient̕ vt canes. Die tritte ſach iſt das unſer her ouch maria
623 3351 2453 3526 vn̄ Criſtlicher gloub auſʒ den iuden enſpꝛungen iſt dar vmb ſpꝛicht die gheſchrifft Salus
