2997 4304
668 669 2340 744 DAs cʒwelffte Capittel hat auch drij artikel. Der erſte artikel iſt das vnder
635 752 2354 830 den gefangē iuden ſint gheweſt cʒween iung iuden die alle bed hieſſen Saligmā
668 833 2351 920 auff das teusch ader boneuentura auff welsch der iunger iunger was alſʒ bij acht
483 926 2351 1010 cʒehen iaren vn̄ was des Mayer ſun der mit dem leſten verpꝛāt wart. Der ander was
477 1010 2351 1082 in dem elter alſʒ funfvndecʒbeencʒgig iar vn̄ was ain fromder iud vn̄ in Samuels hauſʒ
480 1098 2354 1160 was er koch der anderen iuden vn̄ was ouch der auff den die iuden hatten bekant er het
480 1185 2346 1260 das kint funden in der ricʒen alſʒ er wolte waſſer holen auſʒ der ricʒſen ſi hatten das aber
474 1267 2351 1338 mit im an gheleit er hatt auch belꝛant das er achte ſtich dem ſeligen lꝛint gheben het. vn̄
477 1352 2340 1433 die anderen hatten in auſʒ der lꝛuchen dar ʒu gherufft. Der ander artilꝛel iſt das der
480 1454 2343 1520 lꝛoch von dem aller erſten tag alſʒ er gefangen wart do aſſ er lꝛain iudisch ſpeyſʒ alſʒ die
483 1543 2337 1606 anderen. ſunder er begherte Criſten ʒu werden alle tag ſo lang er gefangen lag bicʒ in
477 1630 2337 1699 die treiʒehen wuchen vn in der cʒeit lerent er das ghepet pater noſter vn̄ den glouben
480 1717 2331 1791 durch die pꝛieſter die im ouch ſageten er ſolt nit ghedenlꝛen das er welte da mit entghē
480 1806 2337 1878 dem tot das er Criſten wurde man er muſte ſterben. do antwort er alle cʒeit / er tett das
474 1902 2331 1977 dar vmh allein das er ain Criſte erſterben wolte. Der ander des Mayers ſun der beeger
471 1991 2331 2069 te Criſten ʒu werden an dem tag alſʒ man in auſʒ furte mit dem anderē vn̄ man ſii richtē
480 2084 2331 2153 ſolt / das was an dē tag der cʒehe tauſent ritter alſʒ ouch ſin vatter mit dem Uital verpꝛāt
489 2167 2322 2245 wurden voꝛ iren ougen. Der tritte artilꝛel ʒu merclꝛe iſt das an dem haligen tag
477 2260 2337 2350 der cʒehent tauſent ritter wurden die cʒwen auſʒ ghefurt vn̄ wiſʒtē anders nicht ſij wir
474 2337 2331 2433 den ghericht alſʒ bald das ſij ghetoufft wurdē. alſo lieſʒ man ſij ʒu ſehē wie die cʒwen ver¬
474 2454 2325 2521 pꝛant wirden. dar nach cʒoch man ſij naclꝛet auſʒ ir lꝛlaider vn̄ lꝛnyetē nidder in ain flieſſē
489 2535 2340 2623 waſſer das da haiſt die perſing vn̄ ſpꝛach in fuer alles das in nott was ʒu dem Cristē glou¬
477 2606 2340 2726 ben vn̄ wurden ghetoufft vō der pꝛieſterſchafft. alſo das dem lꝛoch wart ghegheben der
486 2707 2337 2809 name achacius dar vmb wen der dach was ſein vn̄ er ain furſt was der cʒehen tauſent rit¬
480 2803 2340 2905 ter / dem iungeren der nam Sixtus dem bahiſt ʒu eren / alſo wart in gnad gbetan das ſi
474 2893 2337 2997 nit ghericht wurden den tag vmb der eren des ſacramentis des tanfis aber an dem an¬
477 2979 2354 3081 deren tag wurden ſij auſʒ ghefurt vn̄ wan erſten wart gbericht der iunger iunger sixt9.
480 3078 2343 3179 dar nach der ander achacius der ſterb ſo ritterlich in dem gloubē den im der pꝛieſter voꝛ
486 3167 2343 3270 alſʒ im ſein ougen woꝛen voꝛpunden doiknyet do der preiſter der das creucʒ hilt der da
486 3263 2343 3358 ſprach ghekꝛucʒt gheſtoꝛben vn̄ er ouch ſprach gheſtoꝛben. do ſtarb er vn̄ ſlog der richter
480 3352 2331 3448 das houbt ab an dem freytag vmb die cʒeit alſʒ unſer her an dem haligen creucʒ ſtarb.
483 3436 1895 3535 alſo woꝛden ſij pede tot verpꝛant das das recht ain vurganck hette.
